<record><leader>00000cas a22000007a 4500</leader><controlfield tag="001">1566552</controlfield><controlfield tag="008">750824d19061966ndudn ne      0    0eng d</controlfield><datafield ind1=" " ind2=" " tag="010"><subfield code="a">sn 88076521 </subfield></datafield><datafield ind1=" " ind2=" " tag="040"><subfield code="a">MUL</subfield><subfield code="b">eng</subfield><subfield code="c">MUL</subfield><subfield code="d">OCL</subfield><subfield code="d">NOP</subfield><subfield code="d">OCLCQ</subfield></datafield><datafield ind1=" " ind2=" " tag="042"><subfield code="a">msc</subfield></datafield><datafield ind1="0" ind2=" " tag="130"><subfield code="a">Devils Lake daily journal (Devils Lake, N.D. : 1906)</subfield></datafield><datafield ind1="1" ind2="0" tag="245"><subfield code="a">Devils Lake daily journal.</subfield></datafield><datafield ind1=" " ind2=" " tag="260"><subfield code="a">Devils Lake, N.D. :</subfield><subfield code="b">J.H. Bloom</subfield></datafield><datafield ind1=" " ind2=" " tag="300"><subfield code="a">v. :</subfield><subfield code="b">ill. ;</subfield><subfield code="c">55 cm.</subfield></datafield><datafield ind1=" " ind2=" " tag="310"><subfield code="a">Daily (except Sunday and Monday)</subfield></datafield><datafield ind1=" " ind2=" " tag="321"><subfield code="a">Daily</subfield></datafield><datafield ind1="1" ind2=" " tag="362"><subfield code="a">Began Dec. 3, 1906.</subfield></datafield><datafield ind1="0" ind2=" " tag="362"><subfield code="a">-v. 60, no. 78 (Mar. 19, 1966).</subfield></datafield><datafield ind1=" " ind2=" " tag="500"><subfield code="a">Special "Jubilee edition" published June 28, 1957.</subfield></datafield><datafield ind1=" " ind2=" " tag="530"><subfield code="a">Available on microfilm from the State Historical Society of North Dakota.</subfield></datafield><datafield ind1=" " ind2=" " tag="588"><subfield code="a">Description based on: Vol. 1, no. 3 (Dec. 5, 1906).</subfield></datafield><datafield ind1=" " ind2=" " tag="752"><subfield code="a">United States</subfield><subfield code="b">North Dakota</subfield><subfield code="c">Ramsey</subfield><subfield code="d">Devils Lake.</subfield></datafield><datafield ind1="0" ind2=" " tag="775"><subfield code="t">Devils Lake journal and the Devils Lake news</subfield><subfield code="w">(DLC)sn 88076519</subfield></datafield><datafield ind1="0" ind2=" " tag="775"><subfield code="t">Devils Lake journal (Devils Lake, N.D. : 1907)</subfield><subfield code="w">(DLC)sn 88076520</subfield></datafield><datafield ind1="0" ind2="0" tag="785"><subfield code="t">Devils Lake morning journal</subfield><subfield code="w">(DLC)sn 90099623</subfield></datafield><datafield ind1="1" ind2=" " tag="029"><subfield code="a">AU@</subfield><subfield code="b">000025839147</subfield></datafield></record>